@article{Grokking,
  author       = {Alethea Power and
                  Yuri Burda and
                  Harri Edwards and
                  Igor Babuschkin and
                  Vedant Misra},
  title        = {Grokking: Generalization Beyond Overfitting on Small Algorithmic Datasets},
  journal      = {CoRR},
  volume       = {abs/2201.02177},
  year         = {2022}
}

@inproceedings{KumarBGP24,
  author       = {Tanishq Kumar and
                  Blake Bordelon and
                  Samuel J. Gershman and
                  Cengiz Pehlevan},
  title        = {Grokking as the transition from lazy to rich training dynamics},
  booktitle    = {{ICLR}},
  publisher    = {OpenReview.net},
  year         = {2024}
}

@inproceedings{JacotHG18,
  author       = {Arthur Jacot and
                  Cl{\'{e}}ment Hongler and
                  Franck Gabriel},
  title        = {Neural Tangent Kernel: Convergence and Generalization in Neural Networks},
  booktitle    = {NeurIPS},
  pages        = {8580--8589},
  year         = {2018}
}

@inproceedings{LiuKNMTW22,
  author       = {Ziming Liu and
                  Ouail Kitouni and
                  Niklas Nolte and
                  Eric J. Michaud and
                  Max Tegmark and
                  Mike Williams},
  title        = {Towards Understanding Grokking: An Effective Theory of Representation
                  Learning},
  booktitle    = {NeurIPS},
  year         = {2022}
}

@inproceedings{MohamadiLWS24,
  author       = {Mohamad Amin Mohamadi and
                  Zhiyuan Li and
                  Lei Wu and
                  Danica J. Sutherland},
  title        = {Why Do You Grok? {A} Theoretical Analysis on Grokking Modular Addition},
  booktitle    = {{ICML}},
  publisher    = {OpenReview.net},
  year         = {2024}
}

@article{Grokking_circuit_efficiency,
  author       = {Vikrant Varma and
                  Rohin Shah and
                  Zachary Kenton and
                  J{\'{a}}nos Kram{\'{a}}r and
                  Ramana Kumar},
  title        = {Explaining grokking through circuit efficiency},
  journal      = {CoRR},
  volume       = {abs/2309.02390},
  year         = {2023}
}

@inproceedings{LiuMT23,
  author       = {Ziming Liu and
                  Eric J. Michaud and
                  Max Tegmark},
  title        = {Omnigrok: Grokking Beyond Algorithmic Data},
  booktitle    = {{ICLR}},
  publisher    = {OpenReview.net},
  year         = {2023}
}

@article{Gromov,
  author       = {Andrey Gromov},
  title        = {Grokking modular arithmetic},
  journal      = {CoRR},
  volume       = {abs/2301.02679},
  year         = {2023}
}